@article{ristic2021,
      title={Interpolating Detailed Simulations of Kilonovae: Adaptive Learning and Parameter Inference Applications}, 
      author={Marko Ristic and Elizabeth Champion and Richard O'Shaughnessy and Ryan Wollaeger and Oleg Korobkin and Eve A. Chase and Christopher L. Fryer and Aimee L. Hungerford and Christopher J. Fontes},
      year={2021},
      eprint={2105.07013},
      archivePrefix={arXiv},
      primaryClass={astro-ph.HE}
}